<record><leader>00000cas a2200000Ma 4500</leader><controlfield tag="001">11111337</controlfield><controlfield tag="008">840831d18501861wvuwr ne      0    0eng d</controlfield><datafield ind1=" " ind2=" " tag="010"><subfield code="a">sn 84037876 </subfield></datafield><datafield ind1=" " ind2=" " tag="040"><subfield code="a">AQM</subfield><subfield code="b">eng</subfield><subfield code="c">AQM</subfield><subfield code="d">OCLCQ</subfield></datafield><datafield ind1="0" ind2="0" tag="245"><subfield code="a">Virginia argus and Hampshire advertiser.</subfield></datafield><datafield ind1=" " ind2=" " tag="260"><subfield code="a">Romney, Va. :</subfield><subfield code="b">A.S. Trowbridge</subfield></datafield><datafield ind1=" " ind2=" " tag="300"><subfield code="a">v. ;</subfield><subfield code="c">61 cm.</subfield></datafield><datafield ind1=" " ind2=" " tag="310"><subfield code="a">Weekly</subfield></datafield><datafield ind1="1" ind2=" " tag="362"><subfield code="a">Began in July, 1850?; ceased in June, 1861</subfield><subfield code="z">Cf. Norona &amp; Shetler. West Virginia imprints, 1790-1863.</subfield></datafield><datafield ind1=" " ind2=" " tag="500"><subfield code="a">"Democratic". Cf. Maxwell &amp; Swisher. Hist. of Hampshire Co., W. Va.</subfield></datafield><datafield ind1=" " ind2=" " tag="500"><subfield code="a">Publishers: A.S. Trowbridge, 1850; Trowbridge &amp; Drinkard, 1852; A.S. Trowbridge, 1853; S.R. Smith &amp; John J. Combs 1857; James Parsons, 1858; William M. Parsons, 1859; Alexander Monroe &amp; Job N. Cookus, 1861.</subfield></datafield><datafield ind1=" " ind2=" " tag="588"><subfield code="a">Description based on: Vol. 2, no. 28 (Jan. 24, 1852).</subfield></datafield><datafield ind1=" " ind2="7" tag="655"><subfield code="a">Newspapers.</subfield><subfield code="2">rbgenr</subfield></datafield><datafield ind1=" " ind2=" " tag="752"><subfield code="a">United States</subfield><subfield code="b">West Virginia</subfield><subfield code="c">Hampshire</subfield><subfield code="d">Romney.</subfield></datafield><datafield ind1=" " ind2=" " tag="752"><subfield code="a">United States</subfield><subfield code="b">Virginia</subfield><subfield code="c">Hampshire</subfield><subfield code="d">Romney.</subfield></datafield></record>